@misc{aalto2017dataset, 
	title={{IoT} devices captures, Aalto University }, 
	journal={Aalto University}, 
	url={https://research.aalto.fi/en/datasets/iot-devices-captures},
	author={Marchal,S.}, 
	year={2017},
	note = {Accessed: 2021-08-25}
	
	
	}
	
	
	
@misc{UNSW2018attack, 
	title={{IoT} Benign and Attack Traces }, 
	journal={Proceedings of the 2019 ACM Symposium on SDN Research}, 
	url={https://iotanalytics.unsw.edu.au/attack-data},
	author={Hamza, Ayyoob and Gharakheili, Hassan Habibi and Benson, Theophilus A and Sivaraman, Vijay}, 
	year={2019},
	note = {Accessed: 2021-09-25}
	}	
	
	
	

@online{xverse,
  title={xverse},
  url={https://pypi.org/project/xverse/},
  author={Krishnan,Sundar},
  urldate = {2021-08-30}, 
  publisher={Python Software Foundation}
}

@MastersThesis{kostas2018,
	author = {Kostas,Kahraman},
	title     =     {{Anomaly Detection in Networks Using Machine Learning}},
	institution = {Computer Science and Electronic Engineering - CSEE},
	school     =     {University of Essex},
	address     =     {Colchester, UK},
	year     =     {2018}
}




@Booklet{Gil:02,
	author       = {Joseph (Yossi) Gil},
	TITLE        = {{\LaTeXe} for Graduate Students},
	year         = {2002},
	howpublished = {manuscript},
	address      = {Haifa, Israel},
}
@misc{ahire_2018, 
	title={The Artificial Neural Networks Handbook: Part 4}, 
	author={Ahire,Jayesh Bapu}, 
	year={2018 }, 
	note = {Accessed: 2020-04-08}
	
}

@inproceedings{aksoy2019automated,
  title={Automated {IoT} device identification using network traffic},
  author={Aksoy, Ahmet and Gunes, Mehmet Hadi},
  booktitle={ICC 2019-2019 IEEE International Conference on Communications (ICC)},
  pages={1--7},
  year={2019},
  organization={IEEE}
}

@article{al2018survey,
	title={A survey of machine and deep learning methods for internet of things ({IoT}) security},
	author={Al-Garadi, Mohammed Ali and Mohamed, Amr and Al-Ali, Abdulla and Du, Xiaojiang and Guizani, Mohsen},
	journal={arXiv preprint arXiv:1807.11023},
	year={2018}
}
@article{al2015internet,
  title={Internet of things: A survey on enabling technologies, protocols, and applications},
  author={Al-Fuqaha, Ala and Guizani, Mohsen and Mohammadi, Mehdi and Aledhari, Mohammed and Ayyash, Moussa},
  journal={IEEE communications surveys \& tutorials},
  volume={17},
  number={4},
  pages={2347--2376},
  year={2015},
  publisher={IEEE}
}
@article{al2020survey,
	title={A survey of machine and deep learning methods for internet of things ({IoT}) security},
	author={Al-Garadi, Mohammed Ali and Mohamed, Amr and Al-Ali, Abdulla and Du, Xiaojiang and Ali, Ihsan and Guizani, Mohsen},
	journal={IEEE Communications Surveys \& Tutorials},
	year={2020},
	publisher={IEEE}
}
@inproceedings{alam2013random,
	title={Random forest classification for detecting android malware},
	author={Alam, Mohammed S and Vuong, Son T},
	booktitle={2013 IEEE Int. Conf. on green computing and communications and IEEE Internet of Things and IEEE cyber, physical and social computing},
	pages={663--669},
	year={2013},
	organization={IEEE}
}
@inproceedings{alrawi2019sok,
	title={Sok: Security evaluation of home-based {IoT} deployments},
	author={Alrawi, Omar and Lever, Chaz and Antonakakis, Manos and Monrose, Fabian},
	booktitle={Symp. on Security and Privacy},
	pages={1362--1380},
	year={2019},
	organization={IEEE}
}


@MastersThesis{aluthge2018iot,
	author     =     {Aluthge, Nishadh},
	title     =     {{IoT} device fingerprinting with sequence-based features},
	school     =     {University of Helsinki},
	address  =  {Helsinki},
	year     =     {2017},
}
@inproceedings{an2017behavioral,
	title={Behavioral anomaly detection of malware on home routers},
	author={An, Ni and Duff, Alexander and Naik, Gaurav and Faloutsos, Michalis and Weber, Steven and Mancoridis, Spiros},
	booktitle={2017 12th Int. Conf. on Malicious and Unwanted Software (MALWARE)},
	pages={47--54},
	year={2017},
	organization={IEEE}}

@article{arrieta2020explainable,
  title={Explainable Artificial Intelligence (XAI): Concepts, taxonomies, opportunities and challenges toward responsible AI},
  author={Arrieta, Alejandro Barredo and D{\'\i}az-Rodr{\'\i}guez, Natalia and Del Ser, Javier and Bennetot, Adrien and Tabik, Siham and Barbado, Alberto and Garc{\'\i}a, Salvador and Gil-L{\'o}pez, Sergio and Molina, Daniel and Benjamins, Richard and others},
  journal={Information Fusion},
  volume={58},
  pages={82--115},
  year={2020},
  publisher={Elsevier}
}
}
@article{bezawada2018iotsense,
  title={Iotsense: Behavioral fingerprinting of iot devices},
  author={Bezawada, Bruhadeshwar and Bachani, Maalvika and Peterson, Jordan and Shirazi, Hossein and Ray, Indrakshi and Ray, Indrajit},
  journal={arXiv preprint arXiv:1804.03852},
  year={2018}
}

@inproceedings{bezawada2018behavioral,
  title={Behavioral fingerprinting of iot devices},
  author={Bezawada, Bruhadeshwar and Bachani, Maalvika and Peterson, Jordan and Shirazi, Hossein and Ray, Indrakshi and Ray, Indrajit},
  booktitle={Proceedings of the 2018 Workshop on Attacks and Solutions in Hardware Sec.},
  pages={41--50},
  year={2018}
}

@misc{brownlee_2015tactics, 
	title={8 Tactics to Combat Imbalanced Classes in Your Machine Learning Dataset}, 
	journal={Machine Learning Mastery}, 
	author={Brownlee,Jason}, 
	year={2015}, 
	note = {Accessed: 2020-03-20}}
	
@book{brownlee2017long,
	title={Long Short-term Memory Networks with Python: Develop Sequence Prediction Models with Deep Learning},
	author={Brownlee, Jason},
	year={2017},
	publisher={Machine Learning Mastery}
	}
	
}
@misc{brownlee_2018Statistical, 
	title={Statistical Significance Tests for Comparing Machine Learning Algorithms}, 
	journal={Machine Learning Mastery}, 
	author={Brownlee,Jason}, 
	year={2018}, 
	note = {Accessed: 2020-03-20}
	
}
@article{chaabouni2019network,
  title={Network intrusion detection for {IoT} security based on learning techniques},
  author={Chaabouni, Nadia and Mosbah, Mohamed and Zemmari, Akka and Sauvignac, Cyrille and Faruki, Parvez},
  journal={IEEE Communications Surveys \& Tutorials},
  year={2019},
  publisher={IEEE}
}

@inproceedings{chatterjee2018evidence,
	title={Evidence fusion for malicious bot detection in {IoT}},
	author={Chatterjee, Moitrayee and Namin, Akbar Siami and Datta, Prerit},
	booktitle={2018 IEEE Int. Conf. on Big Data (Big Data)},
	pages={4545--4548},
	year={2018},
	organization={IEEE}
}



@misc{crane_2020, 
	title={20 Surprising {IoT} Statistics You Don't Already Know - Hashed Out by The SSL Store}, 
	journal={Hashed Out by The SSL Store}, 
	author={Crane, Casey}, 
	year={2020}, 
	note = {Accessed: 2020-03-20}
	
}

@inproceedings{doshi2018machine,
	title={Machine learning ddos detection for consumer internet of things devices},
	author={Doshi, Rohan and Apthorpe, Noah and Feamster, Nick},
	booktitle={2018 IEEE Security and Privacy Workshops (SPW)},
	pages={29--35},
	year={2018},
	organization={IEEE}
	
	
	
	
	
}
@article{esmalifalak2014detecting,
	title={Detecting stealthy false data injection using machine learning in smart grid},
	author={Esmalifalak, Mohammad and Liu, Lanchao and Nguyen, Nam and Zheng, Rong and Han, Zhu},
	journal={IEEE Systems Journal},
	volume={11},
	number={3},
	pages={1644--1652},
	year={2014},
	publisher={IEEE}
}

@article{fernandez2013analysing,
	title={Analysing the classification of imbalanced data-sets with multiple classes: Binarization techniques and ad-hoc approaches},
	author={Fern{\'a}ndez, Alberto and L{\'o}pez, Victoria and Galar, Mikel and Del Jesus, Mar{\'\i}a Jos{\'e} and Herrera, Francisco},
	journal={Knowledge-based systems},
	volume={42},
	pages={97--110},
	year={2013},
	publisher={Elsevier}
}


@techreport{foltz2016enterprise,
  title={Enterprise considerations for ports and protocols},
  author={Foltz, Kevin E and Simpson, William R},
  year={2016},
  institution={JSTOR}
}

@misc{Fruhlinger2018, 
	title={The Mirai botnet explained: How teen scammers and CCTV cameras almost brought down the internet}, 
	journal={CSO from IDG}, 
	author={Fruhlinger,Josh}, 
	year={2018}, 
	note = {Online; accessed 29-March-2020 }}


@misc{fortunebusinessinsights, 
	title={Internet of Things Market Size, Growth {IoT} Industry Report 2026}, 
    url={https://www.fortunebusinessinsights.com/industry-reports/internet-of-things-iot-market-100307},
	journal={Fortune Business Insights| Global Market Research Report}, 
	year={2019}, 
	note = {Accessed: 2020-04-07}}

@inproceedings{gadge2008port,
	title={Port scan detection},
	author={Gadge, Jayant and Patil, Anish Anand},
	booktitle={2008 16th IEEE Int. Conf. on Networks},
	pages={1--6},
	year={2008},
	organization={IEEE}
}

@article{haddadpajouh2016two,
	title={A two-layer dimension reduction and two-tier classification model for anomaly-based intrusion detection in {IoT} backbone networks},
	author={Pajouh, Hamed Haddad and Javidan, Reza and Khayami, Raouf and Ali, Dehghantanha and Choo, Kim-Kwang Raymond},
	journal={IEEE Transactions on Emerging Topics in Computing},
	year={2016},
	publisher={IEEE}
}

@article{haddadpajouh2018deep,
	title={A deep Recurrent Neural Network based approach for Internet of Things malware threat hunting},
	author={HaddadPajouh, Hamed and Dehghantanha, Ali and Khayami, Raouf and Choo, Kim-Kwang Raymond},
	journal={Future Generation Computer Systems},
	volume={85},
	pages={88--96},
	year={2018},
	publisher={Elsevier}
}

@inproceedings{hamad2019iot,
  title={{IoT} device Identification via network-flow based fingerprinting and learning},
  author={Hamad, Salma Abdalla and Zhang, Wei Emma and Sheng, Quan Z and Nepal, Surya},
  booktitle={18th IEEE TrustCom},
  pages={103--111},
  year={2019},
  organization={IEEE}
}

@article{ham2014linear,
	title={Linear SVM-based android malware detection for reliable {IoT} services},
	author={Ham, Hyo-Sik and Kim, Hwan-Hee and Kim, Myung-Sup and Choi, Mi-Jung},
	journal={Journal of Applied Mathematics},
	volume={2014},
	year={2014},
	publisher={Hindawi}
}

@inproceedings{hamza2019detecting,
	title={Detecting volumetric attacks on loT devices via SDN-based monitoring of MUD activity},
	author={Hamza, Ayyoob and Gharakheili, Hassan Habibi and Benson, Theophilus A and Sivaraman, Vijay},
	booktitle={2019 ACM Symp. on SDN Research},
	pages={36--48},
	year={2019}
}



@article{hwang2019lstm,
	title={An LSTM-Based Deep Learning Approach for Classifying Malicious Traffic at the Packet Level},
	author={Hwang, Ren-Hung and Peng, Min-Chun and Nguyen, Van-Linh and Chang, Yu-Lun},
	journal={Applied Sciences},
	volume={9},
	number={16},
	pages={3414},
	year={2019},
	publisher={Multidisciplinary Digital Publishing Institute}
}
@article{hussain2019machine,
	title={Machine learning in {IoT} security: current solutions and future challenges},
	author={Hussain, Fatima and Hussain, Rasheed and Hassan, Syed Ali and Hossain, Ekram},
	journal={preprint arXiv:1904.05735},
	year={2019}
}


@article{hussain2020machine,
  title={Machine learning in IoT security: Current solutions and future challenges},
  author={Hussain, Fatima and Hussain, Rasheed and Hassan, Syed Ali and Hossain, Ekram},
  journal={IEEE Com. Surveys \& Tutorials},
  volume={22},
  number={3},
  pages={1686--1721},
  year={2020},
  publisher={IEEE}
}
@book{geron2019hands,
	title={Hands-On Machine Learning with Scikit-Learn, Keras, and TensorFlow: Concepts, Tools, and Techniques to Build Intelligent Systems},
	author={G{\'e}ron, Aur{\'e}lien},
	year={2019},
	publisher={O'Reilly Media}
}

@inproceedings{hodo2016threat,
	title={Threat analysis of {IoT} networks using artificial neural network intrusion detection system},
	author={Hodo, Elike and Bellekens, Xavier and Hamilton, Andrew and Dubouilh, Pierre-Louis and Iorkyase, Ephraim and Tachtatzis, Christos and Atkinson, Robert},
	booktitle={2016 Int. Symp. on Networks, Computers and Communications (ISNCC)},
	pages={1--6},
	year={2016},
	organization={IEEE}
}

@inproceedings{jin2019auto,
	title={Auto-Keras: An Efficient Neural Architecture Search System},
	author={Jin, Haifeng and Song, Qingquan and Hu, Xia},
	booktitle={Proceedings of the 25th ACM SIGKDD Int. Conf. on Knowledge Discovery \& Data Mining},
	pages={1946--1956},
	year={2019},
	organization={ACM}
}
@article{juarez2018machine,
	title={The machine learning horizon in cardiac hybrid imaging},
	author={Juarez-Orozco, Luis Eduardo and Martinez-Manzanera, Octavio and Nesterov, Sergey V and Kajander, Sami and Knuuti, Juhani},
	journal={European Journal of Hybrid Imaging},
	volume={2},
	number={1},
	pages={15},
	year={2018},
	publisher={Springer}
}
@article{kang2019iot,
	title={{IoT} network intrusion dataset},
	author={Kang, H and Ahn, DH and Lee, GM and Yoo, JD and Park, KH and Kim, HK},
	journal={IEEE Dataport},
	year={2019},
	note = {Accessed: 2020-10-12},
	year={2019}
	
	
}
@article{karbab2018maldozer,
	title={MalDozer: Automatic framework for android malware detection using deep learning},
	author={Karbab, ElMouatez Billah and Debbabi, Mourad and Derhab, Abdelouahid and Mouheb, Djedjiga},
	journal={Digital Investigation},
	volume={24},
	pages={S48--S59},
	year={2018},
	publisher={Elsevier}
}


@inproceedings{kokila2014ddos,
	title={DDoS detection and analysis in SDN-based environment using support vector machine classifier},
	author={Kokila, RT and Selvi, S Thamarai and Govindarajan, Kannan},
	booktitle={2014 Sixth Int. Conf. on Advanced Computing (ICoAC)},
	pages={205--210},
	year={2014},
	organization={IEEE}
}

@incollection{kovanen2016survey,
	title={Survey: Intrusion detection systems in encrypted traffic},
	author={Kovanen, Tiina and David, Gil and H{\"a}m{\"a}l{\"a}inen, Timo},
	booktitle={Internet of Things, Smart Spaces, and Next Generation Networks and Systems},
	pages={281--293},
	year={2016},
	publisher={Springer}
}

@article{koroniotis2019towards,
	title={Towards the development of realistic botnet dataset in the internet of things for network forensic analytics: Bot-{IoT} dataset},
	author={Koroniotis, Nickolaos and Moustafa, Nour and Sitnikova, Elena and Turnbull, Benjamin},
	journal={Future Generation Computer Systems},
	volume={100},
	pages={779--796},
	year={2019},
	publisher={Elsevier}
}




@article{kouicem2018internet,
	title={Internet of things security: A top-down survey},
	author={Kouicem, Djamel Eddine and Bouabdallah, Abdelmadjid and Lakhlef, Hicham},
	journal={Computer Networks},
	volume={141},
	pages={199--221},
	year={2018},
	publisher={Elsevier}
}

@misc{kumar_2021, 
title={Top emerging {IoT} trends business should look for in 2021}, 
url={https://www.fintechnews.org/top-emerging-iot-trends-business-should-look-for-in-2021.}, 
journal={Fintech News}, author={Kumar, Vivek}, year={2021}, month={Apr}} 

@article{li2018ai,
	title={Ai-based two-stage intrusion detection for software defined {IoT} networks},
	author={Li, Jiaqi and Zhao, Zhifeng and Li, Rongpeng and Zhang, Honggang},
	journal={IEEE Internet of Things Journal},
	volume={6},
	number={2},
	pages={2093--2102},
	year={2018},
	publisher={IEEE}
}

@inproceedings{lim2019packet,
	title={Packet-based network traffic classification using deep learning},
	author={Lim, Hyun-Kyo and Kim, Ju-Bong and Heo, Joo-Seong and Kim, Kwihoon and Hong, Yong-Geun and Han, Youn-Hee},
	booktitle={2019 Int. Conf. on Artificial Intelligence in Information and Communication (ICAIIC)},
	pages={046--051},
	year={2019},
	organization={IEEE}
}

@article{lones2021avoid,
  title={How to avoid machine learning pitfalls: a guide for academic researchers},
  author={Lones, Michael A},
  journal={arXiv preprint arXiv:2108.02497},
  year={2021}
}


@article{lopez2017conditional,
	title={Conditional variational autoencoder for prediction and feature recovery applied to intrusion detection in {IoT}},
	author={Lopez-Martin, Manuel and Carro, Belen and Sanchez-Esguevillas, Antonio and Lloret, Jaime},
	journal={Sensors},
	volume={17},
	number={9},
	pages={1967},
	year={2017},
	publisher={Multidisciplinary Digital Publishing Institute}
}
@article{lopez2017network,
	title={Network traffic classifier with convolutional and recurrent neural networks for Internet of Things},
	author={Lopez-Martin, Manuel and Carro, Belen and Sanchez-Esguevillas, Antonio and Lloret, Jaime},
	journal={IEEE Access},
	volume={5},
	pages={18042--18050},
	year={2017},
	publisher={IEEE}
}

@article{lotfollahi2020deep,
	title={Deep packet: A novel approach for encrypted traffic classification using deep learning},
	author={Lotfollahi, Mohammad and Siavoshani, Mahdi Jafari and Zade, Ramin Shirali Hossein and Saberian, Mohammdsadegh},
	journal={Soft Computing},
	volume={24},
	number={3},
	pages={1999--2012},
	year={2020},
	publisher={Springer}
}


@article{lundberg2020local2global,
  title={From local explanations to global understanding with explainable AI for trees},
  author={Lundberg, Scott M. and Erion, Gabriel and Chen, Hugh and DeGrave, Alex and Prutkin, Jordan M. and Nair, Bala and Katz, Ronit and Himmelfarb, Jonathan and Bansal, Nisha and Lee, Su-In},
  journal={Nature Machine Intelligence},
  volume={2},
  number={1},
  pages={2522-5839},
  year={2020},
  publisher={Nature Publishing Group}
}
@article{ma2019spatiotemporal,
	title={Spatiotemporal prediction of PM2. 5 concentrations at different time granularities using IDW-BLSTM},
	author={Ma, Jun and Ding, Yuexiong and Gan, Vincent JL and Lin, Changqing and Wan, Zhiwei},
	journal={IEEE Access},
	volume={7},
	pages={107897--107907},
	year={2019},
	publisher={IEEE}
}

@article{makhdoom2018anatomy,
	title={Anatomy of threats to the internet of things},
	author={Makhdoom, Imran and Abolhasan, Mehran and Lipman, Justin and Liu, Ren Ping and Ni, Wei},
	journal={IEEE Communications Surveys \& Tutorials},
	volume={21},
	number={2},
	pages={1636--1675},
	year={2018},
	publisher={IEEE}
}

@article{marchal2019audi,
	title={Audi: Toward autonomous {IoT} device-type identification using periodic communication},
	author={Marchal, Samuel and Miettinen, Markus and Nguyen, Thien Duc and Sadeghi, Ahmad-Reza and Asokan, N},
	journal={IEEE Journal on Selected Areas in Communications},
	volume={37},
	number={6},
	pages={1402--1412},
	year={2019},
	publisher={IEEE}
}
@inproceedings{mclaughlin2017deep,
	title={Deep android malware detection},
	author={McLaughlin, Niall and Martinez del Rincon, Jesus and Kang, BooJoong and Yerima, Suleiman and Miller, Paul and Sezer, Sakir and Safaei, Yeganeh and Trickel, Erik and Zhao, Ziming and Doup{\'e}, Adam and others},
	booktitle={Proceedings of the Seventh ACM on Conf. on Data and Application Security and Privacy},
	pages={301--308},
	year={2017}
}


@article{mehmood2018nbc,
	title={NBC-MAIDS: Na{\"\i}ve Bayesian classification technique in multi-agent system-enriched IDS for securing {IoT} against DDoS attacks},
	author={Mehmood, Amjad and Mukherjee, Mithun and Ahmed, Syed Hassan and Song, Houbing and Malik, Khalid Mahmood},
	journal={The Journal of Supercomputing},
	volume={74},
	number={10},
	pages={5156--5170},
	year={2018},
	publisher={Springer}
}

@article{meidan2017detection,
	title={Detection of unauthorized {IoT} devices using machine learning techniques},
	author={Meidan, Yair and Bohadana, Michael and Shabtai, Asaf and Ochoa, Martin and Tippenhauer, Nils Ole and Guarnizo, Juan Davis and Elovici, Yuval},
	journal={arXiv preprint arXiv:1709.04647},
	year={2017}
}

@inproceedings{meidan2017profiliot,
	title={Profil{IoT}: a machine learning approach for {IoT} device identification based on network traffic analysis},
	author={Meidan, Yair and Bohadana, Michael and Shabtai, Asaf and Guarnizo, Juan David and Ochoa, Mart{\'\i}n and Tippenhauer, Nils Ole and Elovici, Yuval},
	booktitle={Proceedings of the Symp. on applied computing},
	pages={506--509},
	year={2017}
}

@article{meidan2018n,
	title={N-baiot—network-based detection of {IoT} botnet attacks using deep autoencoders},
	author={Meidan, Yair and Bohadana, Michael and Mathov, Yael and Mirsky, Yisroel and Shabtai, Asaf and Breitenbacher, Dominik and Elovici, Yuval},
	journal={IEEE Pervasive Computing},
	volume={17},
	number={3},
	pages={12--22},
	year={2018},
	publisher={IEEE}
}


@inproceedings{miettinen2017iot,
	title={{IoT} sentinel: Automated device-type identification for security enforcement in {IoT}},
	author={Miettinen, Markus and Marchal, Samuel and Hafeez, Ibbad and Asokan, N and Sadeghi, Ahmad-Reza and Tarkoma, Sasu},
	booktitle={37th Int. Conf. DCS.},
	pages={},
	year={2017},
	organization={IEEE}
}

@article{mirsky2018kitsune,
  title={Kitsune: an ensemble of autoencoders for online network intrusion detection},
  author={Mirsky, Yisroel and Doitshman, Tomer and Elovici, Yuval and Shabtai, Asaf},
  journal={arXiv preprint arXiv:1802.09089},
  year={2018}
}
@article{moustafa2018ensemble,
	title={An ensemble intrusion detection technique based on proposed statistical flow features for protecting network traffic of internet of things},
	author={Moustafa, Nour and Turnbull, Benjamin and Choo, Kim-Kwang Raymond},
	journal={IEEE Internet of Things Journal},
	volume={6},
	number={3},
	pages={4815--4830},
	year={2018},
	publisher={IEEE}
}
@inproceedings{nawir2016internet,
	title={Internet of Things ({IoT}): Taxonomy of security attacks},
	author={Nawir, Mukrimah and Amir, Amiza and Yaakob, Naimah and Lynn, Ong Bi},
	booktitle={2016 3rd Int. Conf. on Electronic Design (ICED)},
	pages={321--326},
	year={2016},
	organization={IEEE}
}




@inproceedings{nobakht2016host,
	title={A host-based intrusion detection and mitigation framework for smart home {IoT} using OpenFlow},
	author={Nobakht, Mehdi and Sivaraman, Vijay and Boreli, Roksana},
	booktitle={2016 11th Int. Conf. on ARES},
	pages={147--156},
	year={2016},
	organization={IEEE}
}


@misc{Nguyen_1, 
	title={Illustrated Guide to Recurrent Neural Networks}, 
	journal={towards data science}, 
	author={Nguyen,Michael}, 
	year={2018}, 
	note = {Accessed: 2020-03-20}}

@misc{Nguyen_2, 
	title={Illustrated Guide to LSTM’s and GRU’s: A step by step explanation}, 
	journal={towards data science}, 
	author={Nguyen,Michael}, 
	year={2018}, 
	note = {Accessed: 2020-03-20}}

@inproceedings{nguyen2019diot,
	title={D{\"I}oT: A federated self-learning anomaly detection system for {IoT}},
	author={Nguyen, Thien Duc and Marchal, Samuel and Miettinen, Markus and Fereidooni, Hossein and Asokan, N and Sadeghi, Ahmad-Reza},
	booktitle={2019 IEEE 39th Int. Conf. on Distributed Computing Systems (ICDCS)},
	
	pages={756--767},
	year={2019}

}



@misc{olah2015understanding,
	title={Understanding lstm networks}, 
	journal={colah's blog}, 
	author={Olah, Christopher}, 
	year={2015}, 
	note = {Accessed: 2020-03-20}}

@article{omale2018gartner,
	title={Gartner Identifies Top 10 Strategic {IoT} Technologies and Trends},
	author={Omale, G},
	journal={Gartner website},
	year={2018},
	note = {Accessed: 2020-04-07}}



@inproceedings{ortiz2019devicemien,
	title={DeviceMien: network device behavior modeling for identifying unknown {IoT} devices},
	author={Ortiz, Jorge and Crawford, Catherine and Le, Franck},
	booktitle={Proceedings of the Int. Conf. on Internet of Things Design and Implementation},
	pages={106--117},
	year={2019}
}

@article{ozay2015machine,
	title={Machine learning methods for attack detection in the smart grid},
	author={Ozay, Mete and Esnaola, Inaki and Vural, Fatos Tunay Yarman and Kulkarni, Sanjeev R and Poor, H Vincent},
	journal={IEEE transactions on neural networks and learning systems},
	volume={27},
	number={8},
	year={2015},
	publisher={IEEE}
}



@book{patel2018internet,
	title={Internet of Things Security: Challenges, Advances, and Analytics},
	author={Patel, Chintan and Doshi, Nishant},
	year={2018},
	publisher={CRC Press}
}

@misc{Rashid_2020, 
	title={Encryption, Privacy In The Internet Trends Report}, 
	journal={decipher - Security news that informs and inspires}, 
	author={Rashid, Fahmida Y.}, 
	year={2019},
	note = {Accessed: 2020-03-20}}

@book{raschka2019python,
	title={Python Machine Learning: Machine Learning and Deep Learning with Python, scikit-learn, and TensorFlow 2},
	author={Raschka, Sebastian and Mirjalili, Vahid},
	year={2019},
	publisher={Packt Publishing Ltd}
}


@article{rezaei2019deep,
	title={Deep learning for encrypted traffic classification: An overview},
	author={Rezaei, Shahbaz and Liu, Xin},
	journal={IEEE communications magazine},
	volume={57},
	number={5},
	pages={76--81},
	year={2019},
	publisher={IEEE}
}

@misc{rosenmike, 
	title={Driving the Digital Agenda Requires Strategic Architecture}, 
	journal={Int. Data Corporation}, 
	url={https://idc-cema.com/dwn/SF_177701},
	author={ Rosen, Mike }, 
	year={}, 
	note = {Accessed: 2020-04-07}}
}

@article{shafi2018fog,
	title={Fog-assisted SDN controlled framework for enduring anomaly detection in an {IoT} network},
	author={Shafi, Qaisar and Basit, Abdul and Qaisar, Saad and Koay, Abigail and Welch, Ian},
	journal={IEEE Access},
	volume={6},
	pages={73713--73723},
	year={2018},
	publisher={IEEE}
}


@inproceedings{shaikh2018machine,
	title={A machine learning model for classifying unsolicited {IoT} devices by observing network telescopes},
	author={Shaikh, Farooq and Bou-Harb, Elias and Crichigno, Jorge and Ghani, Nasir},
	booktitle={2018 14th Int. Wireless Communications \& Mobile Computing Conf. (IWCMC)},
	pages={938--943},
	year={2018},
	organization={IEEE}
}

@inproceedings{shukla2017ml,
	title={Ml-ids: A machine learning approach to detect wormhole attacks in internet of things},
	author={Shukla, Prachi},
	booktitle={2017 Intelligent Systems Conf. (IntelliSys)},
	pages={234--240},
	year={2017},
	organization={IEEE}
}



@inproceedings{singh2016review,
	title={A review of supervised machine learning algorithms},
	author={Singh, Amanpreet and Thakur, Narina and Sharma, Aakanksha},
	booktitle={2016 3rd Int. Conf. on Computing for Sustainable Global Development (INDIACom)},
	pages={1310--1315},
	year={2016},
	organization={Ieee}
}
@article{sivanathan2018classifying,
	title={Classifying {IoT} devices in smart environments using network traffic characteristics},
	author={Sivanathan, Arunan and Gharakheili, Hassan Habibi and Loi, Franco and Radford, Adam and Wijenayake, Chamith and Vishwanath, Arun and Sivaraman, Vijay},
	journal={IEEE-TMC},
	volume={18},
	number={8},
	pages={1745--1759},
	year={2018},
	publisher={IEEE}
}

@inproceedings{su2018lightweight,
	title={Lightweight classification of {IoT} malware based on image recognition},
	author={Su, Jiawei and Vasconcellos, Vargas Danilo and Prasad, Sanjiva and Daniele, Sgandurra and Feng, Yaokai and Sakurai, Kouichi},
	booktitle={2018 IEEE 42nd Annual Computer Software and Applications Conf. (COMPSAC)},
	volume={2},
	pages={664--669},
	year={2018},
	organization={IEEE}
}

@inproceedings{ullah2019two,
	title={A two-level hybrid model for anomalous activity detection in {IoT} networks},
	author={Ullah, Imtiaz and Mahmoud, Qusay H},
	booktitle={2019 16th IEEE Annual Consumer Communications \& Networking Conf. (CCNC)},
	pages={1--6},
	year={2019},
	organization={IEEE}
}
@article{xiao2018iot,
	title={{IoT} security techniques based on machine learning: How do {IoT} devices use AI to enhance security?},
	author={Xiao, Liang and Wan, Xiaoyue and Lu, Xiaozhen and Zhang, Yanyong and Wu, Di},
	journal={IEEE Signal Processing Magazine},
	volume={35},
	number={5},
	pages={41--49},
	year={2018},
	publisher={IEEE}
}


@article{viegas2018reliable,
	title={A reliable and energy-efficient classifier combination scheme for intrusion detection in embedded systems},
	author={Viegas, Eduardo and Santin, Altair and Oliveira, Luiz and Franca, Andre and Jasinski, Ricardo and Pedroni, Volnei},
	journal={Computers \& Security},
	volume={78},
	pages={16--32},
	year={2018},
	publisher={Elsevier}
}


@inproceedings{wang2017end,
	title={End-to-end encrypted traffic classification with one-dimensional convolution neural networks},
	author={Wang, Wei and Zhu, Ming and Wang, Jinlin and Zeng, Xuewen and Yang, Zhongzhen},
	booktitle={2017 IEEE Int. Conf. on Intelligence and Security Informatics (ISI)},
	pages={43--48},
	year={2017},
	organization={IEEE}
}
@misc{wei2018, 
	title={Casino Gets Hacked Through Its Internet-Connected Fish Tank Thermometer}, 
	journal={The Hacker News}, 
	author={Wei,Wang}, 
	year={2018}, 
	note = {Online; accessed 29-March-2020}}

@misc{wiki-Intrusiondetectionsystem, 
	title={Intrusion detection system}, 
	
	journal={Wikipedia The Free Encyclopedia}, 
	author={Wikipedia}, 
	year={2020},
	note = {Online; accessed 29-March-2020}
}

@misc{wiki_OSI_model, 
	title={OSI model}, 
	journal={Wikipedia The Free Encyclopedia}, 
	author={Wikipedia}, 
	year={2020},
	note = {Accessed: 2020-03-20}
}
@article{wolpert2002supervised,
  title={The supervised learning no-free-lunch theorems},
  author={Wolpert, David H},
  journal={Soft computing and industry},
  pages={25--42},
  year={2002},
  publisher={Springer}
}
@inproceedings{yadav2020position,
  title={Position paper: A systematic framework for categorising IoT device fingerprinting mechanisms},
  author={Yadav, Poonam and Feraudo, Angelo and Arief, Budi and Shahandashti, Siamak F and Vassilakis, Vassilios G},
  booktitle={Proceedings of the 2nd International Workshop on Challenges in AI and ML for IoT},
  pages={62--68},
  year={2020}
}

@article{yavuz2018deep,
	title={Deep learning for detection of routing attacks in the internet of things},
	author={Yavuz, Furkan Yusuf and Devrim, {\"U}NAL and Ensar, G{\"U}L},
	journal={Int. Journal of Computational Intelligence Systems},
	volume={12},
	number={1},
	pages={39--58},
	year={2018},
	publisher={Atlantis Press}
}


@article{ye2018ddos,
	title={A DDoS attack detection method based on SVM in software defined network},
	author={Ye, Jin and Cheng, Xiangyang and Zhu, Jian and Feng, Luting and Song, Ling},
	journal={Security and Communication Networks},
	volume={2018},
	year={2018},
	publisher={Hindawi}
}



@article{zarpelao2017survey,
	title={A survey of intrusion detection in Internet of Things},
	author={Zarpel{\~a}o, Bruno Bogaz and Miani, Rodrigo Sanches and Kawakani, Cl{\'a}udio Toshio and de Alvarenga, Sean Carlisto},
	journal={Journal of Network and Computer Applications},
	volume={84},
	pages={25--37},
	year={2017},
	publisher={Elsevier}
}

@inproceedings{h2019d,
  title={Detecting volumetric attacks on lot devices via sdn-based monitoring of mud activity},
  author={Hamza, Ayyoob and Gharakheili, Hassan Habibi and Benson, Theophilus A and Sivaraman, Vijay},
  booktitle={Proceedings of the 2019 ACM Symp. on SDN Research},
  pages={36--48},
  year={2019}}
